<collection xmlns="http://www.loc.gov/MARC21/slim">
<record>
  <leader>01160nam0a22002291i 450 </leader>
  <controlfield tag="001">IT\ICCU\CNCE\070855</controlfield>
  <controlfield tag="005">20070606000000.0</controlfield>
  <datafield tag="012" ind1=" " ind2=" ">
    <subfield code="a">ured o.m. m-ue niru (3) 1585 (R)</subfield>
    <subfield code="2">fei</subfield>
  </datafield>
  <datafield tag="100" ind1=" " ind2=" ">
    <subfield code="a">20070606d1585        0itac0103    ba</subfield>
  </datafield>
  <datafield tag="101" ind1=" " ind2=" ">
    <subfield code="a">ITA</subfield>
  </datafield>
  <datafield tag="102" ind1=" " ind2=" ">
    <subfield code="a">IT</subfield>
  </datafield>
  <datafield tag="200" ind1="1" ind2=" ">
    <subfield code="a">℗C. Iulii Caesar ℗Commentarii, de bello gallico et ciuili. Ejusdem librorum, qui desiderantur, fragmenta. Omnia nunc opera &amp; iudicio viri docti emendata &amp; edita</subfield>
  </datafield>
  <datafield tag="210" ind1=" " ind2=" ">
    <subfield code="a">Antuerpiae</subfield>
    <subfield code="c">ex officina Christoph. Plantini</subfield>
    <subfield code="d">1585</subfield>
  </datafield>
  <datafield tag="215" ind1=" " ind2=" ">
    <subfield code="a">\48!, 530, \78! p.</subfield>
    <subfield code="c">ill.</subfield>
    <subfield code="d">16o</subfield>
  </datafield>
  <datafield tag="300" ind1=" " ind2=" ">
    <subfield code="a">Annullata perch ̌straniera.Front. in cornice xil. -  Marca sul front. (mano con compasso; motto: labore et constantia). -  Cors. ; rom. -  Segn.: \ast.!-3\ast.!8 A-Z8 a-p8. -  Iniziali xil</subfield>
  </datafield>
  <datafield tag="620" ind1=" " ind2=" ">
    <subfield code="a">BE</subfield>
    <subfield code="d">Anversa</subfield>
  </datafield>
  <datafield tag="700" ind1=" " ind2="1">
    <subfield code="a">Caesar,</subfield>
    <subfield code="b">Gaius Iulius</subfield>
    <subfield code="3">IT\ICCU\CNCA\002169</subfield>
  </datafield>
  <datafield tag="712" ind1="0" ind2="0">
    <subfield code="a">Plantin, Christophe</subfield>
    <subfield code="3">IT\ICCU\CNCT\002133</subfield>
    <subfield code="4">650</subfield>
  </datafield>
  <datafield tag="791" ind1="0" ind2="0">
    <subfield code="a">Plantino, Christofano</subfield>
    <subfield code="3">IT\ICCU\CNCT\005447</subfield>
    <subfield code="z">Plantin, Christophe</subfield>
  </datafield>
  <datafield tag="791" ind1="0" ind2="0">
    <subfield code="a">Plantino, Christophoro</subfield>
    <subfield code="3">IT\ICCU\CNCT\005449</subfield>
    <subfield code="z">Plantin, Christophe</subfield>
  </datafield>
  <datafield tag="801" ind1=" " ind2="3">
    <subfield code="a">IT</subfield>
    <subfield code="b">ICCU</subfield>
    <subfield code="c">20201115</subfield>
  </datafield>
  <datafield tag="899" ind1=" " ind2=" ">
    <subfield code="a">Biblioteca pubblica arcivescovile A. De Leo. Brindisi</subfield>
    <subfield code="1">BR0002</subfield>
    <subfield code="2">BRI 02</subfield>
  </datafield>
</record>
</collection>
